\\\\
@ARTICLE{Houmansadr2013707,
author={Houmansadr, A. and Borisov, N.},
title={BotMosaic: Collaborative network watermark for the detection of IRC-based botnets},
journal={Journal of Systems and Software},
year={2013},
pages={707-715},
doi={10.1016/j.jss.2012.11.005},
}

@ARTICLE{Keisuke2009400,
author={Keisuke, T. and Masahiko, F. and Toshiya, S. and Masakatsu, N.},
title={Host-based traceback; tracking bot and C\&C server},
journal={Proceedings of the 3rd International Conference on Ubiquitous Information Management and Communication, ICUIMC'09},
year={2009},
pages={400-405},
doi={10.1145/1516241.1516311},
}

@ARTICLE{Zhaosheng2008967,
author={Zhaosheng, Z. and Zhi, J.F. and Guohan, L. and Phil, R. and Yan, C. and Keesook, H.},
title={Botnet research survey},
journal={Proceedings - International Computer Software and Applications Conference},
year={2008},
pages={967-972},
doi={10.1109/COMPSAC.2008.205},
}

@ARTICLE{Wang2014132,
author={Wang, X. and He, J. and Yang, Y.},
title={A collaborative traceback against p2p botnet using information sharing and correlation analysis},
journal={Proceedings - 2014 International Conference on Cyber-Enabled Distributed Computing and Knowledge Discovery, CyberC 2014},
year={2014},
pages={132-138},
doi={10.1109/CyberC.2014.31},
}

@ARTICLE{Wang198273490,
author={Wang, X. and He, J. and Yang, Y.},
title={Image:},
journal={Architecture of Zeus botnet},
year={2014},
pages={134},
doi={10.1109/CyberC.2014.31},
}

@ARTICLE{Mizoguchi2011639,
author={Mizoguchi, S. and Takemori, K. and Miyake, Y. and Hori, Y. and Sakurai, K.},
title={Traceback framework against botmaster by sharing network communication pattern information},
journal={Proceedings - 2011 5th International Conference on Innovative Mobile and Internet Services in Ubiquitous Computing, IMIS 2011},
year={2011},
pages={639-644},
doi={10.1109/IMIS.2011.152},
}

@ARTICLE{Michael2015239,
author={Sandee, M.},
title={GameOver ZeuS: Background on Badguys and the Backends},
journal={Fox-IT Whitepaper at Blackhat US},
year={2015},
}
